<record><leader>00000cas a2200000 a 4500</leader><controlfield tag="001">12631241</controlfield><controlfield tag="008">851003d18721873iludn ne      0   a0eng c</controlfield><datafield ind1=" " ind2=" " tag="010"><subfield code="a">sn 85034301 </subfield></datafield><datafield ind1=" " ind2=" " tag="040"><subfield code="a">NPU</subfield><subfield code="b">eng</subfield><subfield code="c">NPU</subfield><subfield code="d">NVF</subfield><subfield code="d">OCLCQ</subfield><subfield code="d">NVF</subfield><subfield code="d">OCLCQ</subfield><subfield code="d">NVF</subfield><subfield code="d">OCLCO</subfield><subfield code="d">OCLCF</subfield><subfield code="d">NVF</subfield><subfield code="d">DLC</subfield><subfield code="d">NVF</subfield><subfield code="d">DLC</subfield></datafield><datafield ind1="0" ind2=" " tag="022"><subfield code="a">2377-7001</subfield><subfield code="2">1</subfield></datafield><datafield ind1=" " ind2=" " tag="042"><subfield code="a">pcc</subfield><subfield code="a">nsdp</subfield></datafield><datafield ind1=" " ind2=" " tag="043"><subfield code="a">n-us-il</subfield></datafield><datafield ind1="0" ind2="0" tag="050"><subfield code="a">Newspaper</subfield></datafield><datafield ind1="0" ind2="0" tag="082"><subfield code="a">071</subfield><subfield code="2">23</subfield></datafield><datafield ind1="0" ind2=" " tag="130"><subfield code="a">Rock Island daily Argus (Rock Island, Ill. : 1872)</subfield></datafield><datafield ind1=" " ind2="4" tag="222"><subfield code="a">The Rock Island daily Argus</subfield><subfield code="b">(Rock Island, Ill. 1872. Print)</subfield></datafield><datafield ind1="1" ind2="4" tag="245"><subfield code="a">The Rock Island daily Argus.</subfield></datafield><datafield ind1="1" ind2=" " tag="246"><subfield code="i">Publisher's box:</subfield><subfield code="a">Daily Argus</subfield></datafield><datafield ind1=" " ind2=" " tag="260"><subfield code="a">Rock Island, Ill. :</subfield><subfield code="b">[publisher not identified],</subfield><subfield code="c">1872-1873.</subfield></datafield><datafield ind1=" " ind2=" " tag="300"><subfield code="a">volumes :</subfield><subfield code="b">illustrations.</subfield></datafield><datafield ind1=" " ind2=" " tag="310"><subfield code="a">Daily (except Sunday and holidays)</subfield></datafield><datafield ind1="0" ind2=" " tag="362"><subfield code="a">22nd year (Nov. 29, 1872)-22nd year (Dec. 6, 1873).</subfield></datafield><datafield ind1=" " ind2=" " tag="500"><subfield code="a">"Independent in everything," Nov. 29-Dec. 6, 1873.</subfield></datafield><datafield ind1=" " ind2=" " tag="515"><subfield code="a">Continues the numbering of Rock Island Argus (Rock Island, Ill. : 1871).</subfield></datafield><datafield ind1=" " ind2=" " tag="530"><subfield code="a">Archived issues are available in digital format from the Library of Congress Chronicling America online collection.</subfield></datafield><datafield ind1=" " ind2="0" tag="651"><subfield code="a">Rock Island (Ill.)</subfield><subfield code="v">Newspapers.</subfield></datafield><datafield ind1=" " ind2="7" tag="651"><subfield code="a">Illinois</subfield><subfield code="z">Rock Island.</subfield><subfield code="2">fast</subfield><subfield code="0">(OCoLC)fst01206059</subfield></datafield><datafield ind1=" " ind2="7" tag="655"><subfield code="a">Newspapers.</subfield><subfield code="2">fast</subfield><subfield code="0">(OCoLC)fst01423814</subfield></datafield><datafield ind1=" " ind2=" " tag="752"><subfield code="a">United States</subfield><subfield code="b">Illinois</subfield><subfield code="c">Rock Island County</subfield><subfield code="d">Rock Island.</subfield></datafield><datafield ind1="0" ind2=" " tag="775"><subfield code="t">Rock Island weekly Argus</subfield><subfield code="w">(DLC)sn 82014558</subfield><subfield code="w">(OCoLC)8792289</subfield></datafield><datafield ind1="0" ind2="8" tag="776"><subfield code="i">Online version:</subfield><subfield code="t">Rock Island daily Argus</subfield><subfield code="x">2377-701X</subfield><subfield code="w">(DLC)  2015218562</subfield><subfield code="w">(OCoLC)904334139</subfield></datafield><datafield ind1="0" ind2="0" tag="780"><subfield code="t">Rock Island Argus (Rock Island, Ill. : 1871)</subfield><subfield code="x">2377-6064</subfield><subfield code="w">(DLC)sn 92053941</subfield><subfield code="w">(OCoLC)26846109</subfield></datafield><datafield ind1="0" ind2="0" tag="785"><subfield code="t">Daily Argus (Rock Island, Ill.)</subfield><subfield code="x">2377-7028</subfield><subfield code="w">(DLC)sn 92053942</subfield><subfield code="w">(OCoLC)26846306</subfield></datafield><datafield ind1="4" ind2="1" tag="856"><subfield code="u">http://www.loc.gov/chroniclingamerica/lccn/sn85034301/issues</subfield></datafield><datafield ind1="1" ind2=" " tag="029"><subfield code="a">AU@</subfield><subfield code="b">000024693160</subfield></datafield></record>